2625 3423
1160 154 1222 162 .-
1279 129 1314 173 ⁶
1373 118 1458 164 ...‘

231 245 419 279 vetustum
447 241 710 287 describeret,
743 242 873 279 oculos
902 254 924 279 ι
948 243 1065 290 priori
1093 242 1139 280 ad
1168 245 1356 292 posterius
1387 244 1564 280 eheu-esee
1593 247 1633 281 et
1658 244 1716 281 sic
1740 244 1849 294 prins
1870 245 2062 286 omisisse,
2085 275 2087 277 ·
2114 239 2349 290 Antszflun

232 306 344 356 plene
375 304 703 354 interpenxerunt,
745 317 834 342 cum·
868 317 940 342 non
977 306 1170 351 viderent,
1215 311 1259 344 et
1291 311 1335 344 et
1370 305 1474 345 idm
1510 307 1583 344 sibi
1609 307 1854 356 respondere.
1903 310 2123 349 struet-m
2154 311 2351 351 liberiores

233 369 339 412 (vide
366 368 471 406 Brut.
509 369 571 405 H.
605 369 654 404 de
691 373 784 404 orat.
814 367 857 412 il,
886 368 949 405 78.
988 369 1167 416 Madvigii
1205 370 1407 406 esnemlatt.
1444 370 1480 406 in
1509 370 1587 406 Cic.
1614 369 1643 415 l,
1680 381 1718 417 p.
1748 369 1837 408 188.
1863 364 1952 410 lm}
1972 403 1975 407 .
1995 374 2195 412 licien-d
2229 386 2285 413 or.
2310 386 2351 425 p·

233 433 270 470 T
273 433 334 470 ull.
364 444 400 480 p.
424 430 493 482 53)
525 432 624 467 hand
658 443 762 473 raras
797 443 884 466 esse
921 433 1018 480 apud
1047 433 1266 468 Ciceronem
1300 434 1489 469 neminem
1525 433 1643 480 sugit,
1685 444 1801 479 quare
1836 446 1946 472 unum
1971 441 2114 475 tantum
2140 438 2351 476 describam

235 496 446 544 exemplum
479 495 567 531 huic
596 495 679 531 loco
707 494 946 530 simillimum.
999 494 1155 541 Legitur
1181 495 1229 530 de
1253 496 1329 532 div.
1362 496 1389 541 l,
1411 496 1481 541 55,
1510 496 1599 533 126.
1625 492 1690 545 (ex
1713 496 1936 535 recensione
1955 499 2178 551 mesina->2
2205 499 2351 552 Ita-fit,
2400 525 2405 533 -

235 564 279 599 ut
316 563 371 597 et
408 557 692 596 obseruatione
718 557 860 595 notari
886 557 1043 605 possit,
1090 570 1193 607 quac
1230 569 1300 596 res
1324 570 1597 610 qvmmcunque
1618 570 1787 598 causam
1806 559 2048 613 plerumque
2081 564 2352 615 consequatur

240 624 385 672 (etiam
411 622 448 659 si
483 633 563 658 mm
587 626 889 670 semmei-:mam
914 618 958 655 id
985 619 1144 669 qu‘ulem
1169 620 1340 670 difficile
1370 626 1429 659 est
1450 621 1705 672 .ajJ‘i27nm·e)..·
1725 621 2034 675 easdemque
2071 638 2217 664 causas
2241 626 2350 665 veri-

235 686 386 727 similes
413 683 549 734 (Orell.
577 681 793 721 ven-:simile
813 680 894 732 est)
922 693 1059 719 rerum
1082 683 1321 733 sitim-urum
1347 685 1464 722 cerui
1486 683 1537 722 ab
1567 684 1641 731 iis,
1673 684 1839 734 qui-ma
1859 697 1942 735 per
1959 685 2149 738 furorem
2170 700 2254 735 eas,
2276 692 2349 726 aut

235 751 275 788 in
307 749 440 800 quiete
468 746 640 784 videmtt.
671 744 831 791 Propter
856 745 970 779 verba
998 745 1217 793 interposita
1247 748 1404 784 etiamsi
1438 768 1493 774 —
1529 746 1764 798 affirmare,
1804 758 1907 794 quae
1944 751 2121 798 scriptori
2155 746 2351 788 mutandae

236 809 523 850 constructionis
552 808 733 843 dederant
757 807 1019 848 occasionem..
1055 808 1130 846 VV.
1160 809 1237 845 DD.
1266 814 1306 847 et
1344 811 1515 856 sequenti
1543 809 1646 847 idem
1670 810 1905 857 respo-dere
1940 816 1979 848 et
2011 818 2209 861 utrumque
2234 826 2349 860 mem·-

236 878 341 913 lirum
369 885 478 909 unam
507 870 658 920 proprie
682 869 836 906 efficere
867 871 1166 926 enuntiationem
1204 883 1276 909 non
1301 873 1551 920 intelligentes
1579 875 1664 910 ante
1687 871 1854 912 easdem
1889 873 2208 924 interpunxerunt.
2260 877 2350 913 Gie-

230 940 309 976 sins
335 942 458 974 autem
484 935 625 983 primus
651 934 790 982 optima
818 934 1004 981 scriptura
1031 946 1077 971 ex
1103 935 1207 971 libris
1235 937 1500 984 manuscriptis
1531 936 1707 974 restituta
1726 937 1897 973 membra
1921 939 2072 987 periodi
2089 945 2195 978 recte
2210 940 2349 985 divisit,

1103 1126 1202 1167 pro
1242 1111 1369 1151 BIur.
1400 1112 1481 1153 ⁴32.

484 1182 643 1222 Dii-isti
681 1185 847 1220 senatus
881 1181 1127 1228 cmesnltmn,
1175 1194 1231 1219 me
1261 1182 1491 1233 referente,
1528 1196 1616 1222 csse
1645 1183 1822 1235 sactum,
1862 1184 1912 1221 81
1948 1185 2193 1224 MERCEDE
2231 1186 2347 1223 CON-

483 1245 639 1282 DUCTI
673 1246 735 1281 OB
767 1245 893 1281 leM
928 1246 1220 1281 CANDlDATlS
1256 1245 1455 1291 ISSENT,
1505 1247 1546 1283 81
1585 1246 1836 1284 CONDUCTI
1867 1249 2267 1294 SECTARENTUR,
2304 1249 2347 1287 Sl

484 1308 885 1357 GLADlATORlBUS
913 1308 1083 1346 VOLGO
1112 1308 1273 1346 LOCUS
1301 1309 1570 1356 TlUBUTlM,
1602 1310 1670 1348 ET
1708 1310 1839 1349 ITEM
1863 1310 2083 1350 PRANDIA
2107 1313 2153 1351 Sl
2180 1312 2346 1352 VOLGO

482 1372 678 1410 ESSENT
706 1372 863 1416 DATA,
902 1360 1103 1407 CONTRA
1132 1372 1309 1408 LEGEM
1338 1373 1661 1409 CALPURNJAM
1686 1375 1899 1411 FACTUM
1924 1376 2100 1412 VIDERI.
2153 1376 2262 1426 Erqo
2286 1377 2347 1413 ita

485 1440 649 1474 screatus
676 1435 712 1472 si
741 1434 897 1472 iudicat
925 1439 1073 1472 cmitra
1101 1435 1222 1485 leycm
1245 1435 1366 1486 sac-ta
1391 1436 1491 1473 hacc
1532 1435 1692 1483 cederi„
1726 1437 1773 1475 si
1803 1437 1962 1488 facta
1992 1439 2131 1484 sint,
2168 1433 2346 1477 decer-

483 1499 583 1544 nit,
629 1497 765 1548 quod
805 1497 942 1534 nihil
986 1509 1110 1546 opus
1145 1501 1243 1543 est,
1289 1498 1399 1535 dum
1439 1499 1759 1538 candidatis
1796 1512 1983 1539 morem
2020 1501 2173 1552 997·ἰί.
2241 1499 2347 1539 Nam

480 1560 638 1612 sactum
663 1561 716 1597 sit
739 1571 814 1597 nec
841 1572 891 1597 nc
915 1559 1163 1597 vehementer
1189 1561 1402 1610 «justet-itm·
1431 1566 1524 1598 cett.

308 1627 377 1665 Vir
403 1623 644 1662 doctissimus
670 1624 778 1670 isque
805 1624 897 1659 mihi
925 1624 1170 1659 amicissimus
1199 1636 1283 1660 cum
1317 1636 1359 1660 se
1387 1625 1500 1660 verba
1526 1623 1712 1663 decernit
1737 1624 1849 1676 quod
1866 1612 1975 1666 ,nihil
1997 1638 2102 1676 opus
2128 1629 2210 1673 est,
2255 1624 2346 1664 timu

232 1686 473 1729 cttildidutls
498 1699 644 1725 morem
668 1686 779 1737 perit
811 1686 1022 1734 intelligere
1055 1692 1229 1734 negasset
1266 1685 1431 1736 (nescire
1465 1688 1561 1723 enim
1590 1699 1633 1724 se
1659 1689 1855 1736 professus
1885 1696 1967 1734 est,
1994 1690 2180 1736 quomodo
2205 1689 2342 1725 SCons.

233 1753 464 1795 decreverit,
504 1751 605 1797 quod
627 1761 700 1785 non
729 1761 822 1797 opus
853 1750 968 1784 fuerit
996 1755 1035 1785 et
1056 1751 1239 1796 quomodo
1268 1751 1496 1794 candidatis,
1524 1751 1702 1786 adversus
1729 1764 1822 1798 quos
1836 1752 1976 1791 SCons.
2001 1756 2082 1787 crat
2100 1752 2239 1796 datum,
2265 1763 2343 1787 mo·

234 1830 312 1854 rem
343 1814 525 1864 gesserit)
554 1818 593 1850 et
621 1812 872 1861 corruptelam
900 1812 1025 1849 inesse
1054 1814 1331 1861 suspicaretur,
1368 1813 1503 1850 iterum
1530 1826 1573 1850 ac
1599 1814 1748 1863 saepius
1774 1815 1922 1864 inspexi
1948 1814 2091 1860 locum,
2138 1814 2256 1851 donec
2282 1825 2342 1851 se-

233 1880 384 1929 quentia
413 1891 495 1915 cum
517 1877 779 1926 ,superioribus
812 1877 1039 1913 conferendo
1070 1878 1188 1913 onmia
1225 1882 1329 1913 recte
1364 1889 1406 1913 se
1443 1878 1583 1913 habere
1619 1878 1877 1926 intelligerem.
1938 1879 2047 1926 »Quae
2083 1878 2171 1913 dum
2205 1878 2342 1923 scribo,

233 1955 347 1991 spero
384 1943 466 1978 fore
499 1946 541 1977 ut
577 1942 642 1976 ille
680 1941 848 1988 perlecta
884 1942 955 1976 hac
993 1942 1208 1986 quaestione
1238 1954 1309 1976 non
1348 1941 1504 1988 amplius
1532 1941 1580 1977 de
1616 1941 1687 1977 loci
1714 1942 1930 1989 integritate
1958 1942 2103 1978 dubitet
2131 1946 2169 1977 et
2198 1954 2342 1977 mecum

232 2007 463 2050 consentiat,
507 2005 628 2040 locum
655 2004 903 2052 explicatione
935 2004 1058 2052 potius
1088 2016 1193 2050 qnam
1221 2004 1478 2040 emendatione
1502 2015 1592 2041 esse
1613 2004 1870 2041 adiuvandum.
1922 2005 2060 2046 Notum
2097 2008 2176 2049 est,
2221 2003 2345 2041 Tullio

231 2070 385 2107 consule
412 2072 563 2105 senatus
593 2067 801 2104 consultum
830 2072 958 2103 contra
986 2068 1162 2102 ambitum
1189 2079 1274 2102 esse
1302 2067 1464 2111 sactum,
1498 2069 1603 2103 cuius
1629 2068 1877 2115 fragmentum
1896 2080 2015 2116 supra
2039 2068 2191 2114 exponit
2207 2075 2343 2108 orator,

230 2134 277 2170 ad
305 2132 403 2180 quod
432 2143 555 2168 scens,
584 2135 854 2179 provocaverat
882 2130 934 2165 M.
964 2130 1055 2165 Cato
1087 2129 1128 2166 L.
1160 2130 1340 2164 Murenae
1379 2135 1585 2166 accusator.
1654 2131 1754 2166 Huic
1794 2131 1984 2167 sconsulto
2021 2135 2084 2165 aut
2120 2130 2245 2166 statim
2283 2134 2345 2166 aut

231 2204 367 2246 postea
385 2216 435 2222 —
454 2196 534 2230 ²veri
551 2195 708 2229 similius
739 2198 798 2229 est
822 2195 945 2229 statim
966 2194 1108 2229 sactum
1137 2206 1241 2237 esse,
1270 2206 1352 2229 cum
1372 2194 1530 2241 dupliciS
1555 2194 1735 2230 sconsulti
1762 2195 1860 2231 nulla
1887 2194 1952 2230 fiat
1976 2193 2113 2230 mentio
2140 2213 2193 2219 -—-
2219 2193 2342 2230 candi-

230 2261 328 2296 datis
356 2258 631 2306 postulantibus
657 2269 774 2303 pauca
800 2258 912 2293 verba
942 2262 1027 2292 sunt
1053 2256 1198 2293 addita:
1234 2256 1270 2293 si
1290 2256 1409 2307 sucta
1435 2257 1528 2293 sint.
1595 2257 1731 2293 Addita
1758 2270 1843 2293 esse
1870 2258 2096 2305 interpretes
2125 2256 2244 2291 adhuc
2271 2268 2343 2292 non

230 2323 425 2366 viderunt,
463 2321 529 2356 sed
555 2320 682 2367 colligi
713 2324 839 2368 potest
876 2332 922 2355 ex
949 2320 1073 2355 verbis
1103 2318 1308 2365 (lec-cruit,
1351 2319 1458 2370 quod
1485 2319 1589 2357 nihil
1624 2332 1733 2369 opus<
1755 2324 1814 2357 est
1852 2324 1940 2356 cett.
1980 2322 2018 2355 et
2044 2318 2177 2368 Atque
2203 2318 2246 2357 id
2273 2318 2342 2356 de-

230 2386 415 2422 cernitur
443 2382 619 2420 ‹mmilms
645 2381 947 2431 postulantibus
973 2382 1208 2419 candidatis
1218 2409 1232 2427 ,
1279 2394 1372 2428 quae
1401 2383 1499 2418 onmi
1535 2383 1680 2418 ratione
1712 2389 1905 2427 carerent,
1943 2383 2016 2418 nisi
2056 2382 2255 2417 referenda
2282 2394 2342 2417 es-

230 2455 315 2485 sent
343 2448 387 2484 ad
413 2458 525 2482 voces
553 2446 589 2483 si
613 2445 735 2496 furta
760 2445 852 2483 sint.
909 2447 1033 2492 Quare
1062 2446 1129 2480 has
1157 2456 1267 2481 voces
1296 2458 1315 2480 a
1344 2446 1589 2494 typographis
1625 2445 1744 2482 literis
1781 2445 2018 2488 maiusculis,
2059 2444 2193 2491 quibus
2233 2456 2340 2480 scon-

229 2512 317 2548 sulti
351 2511 466 2547 verba
495 2509 760 2556 designentur,
803 2512 913 2544 erunt
944 2508 1188 2544 describenda
1218 2508 1260 2543 81
1295 2508 1458 2544 FACTA
1488 2508 1612 2545 SlNT.
1668 2509 1775 2556 Quod
1800 2510 1833 2545 si
1859 2509 2078 2551 statuimus,
2113 2518 2239 2543 omnes
2268 2508 2341 2543 dis-

228 2575 414 2610 flcultates
443 2577 680 2608 evanescunt.
734 2572 864 2607 Utitur
888 2572 985 2607 enim
1016 2572 1150 2606 Cicero
1174 2572 1245 2606 hoc
1273 2572 1546 2616 additamento,
1584 2577 1625 2607 ut
1652 2573 1904 2608 adversarium
1932 2572 2066 2607 doceat
2096 2575 2134 2605 et
2162 2570 2338 2617 impellat,

230 2642 316 2673 ante
344 2636 574 2684 probandum
596 2647 712 2679 esse,
752 2646 796 2670 ea
830 2635 930 2670 sacta
962 2646 1068 2678 esse,
1108 2646 1201 2680 qnae
1238 2634 1427 2670 sconsulto
1465 2635 1580 2671 vetita
1613 2635 1699 2672 sint.
1763 2635 1875 2671 Plane
1913 2633 2142 2682 superfluum
2179 2633 2337 2679 quidem,

228 2702 323 2737 adeo
353 2700 547 2736 ridiculum
573 2703 676 2743 erat,
705 2702 746 2734 ut
774 2699 897 2747 pergit
923 2704 1059 2741 orator,
1088 2698 1178 2734 llaec
1206 2699 1319 2733 verba
1347 2698 1455 2741 addi,
1486 2710 1567 2734 cum
1588 2698 1658 2734 iam
1687 2710 1758 2747 per
1781 2711 1822 2734 se
1850 2702 2000 2747 pateat,
2031 2697 2211 2731 neminem
2227 2709 2340 2745 posse

229 2764 371 2811 puniri,
401 2764 471 2798 nisi
498 2764 637 2797 factum
663 2762 810 2797 idoneis
840 2763 1065 2809 argumentis
1095 2762 1139 2796 ab
1167 2767 1383 2797 accusatore
1422 2763 1587 2809 probatis
1624 2762 1820 2808 probatum
1859 2763 1920 2797 sit.
1982 2761 2030 2796 At
2065 2760 2206 2807 scripta
2242 2768 2339 2804 sunt,

228 2841 311 2864 cnm
340 2826 527 2864 candidati
550 2829 744 2873 peterent,
775 2829 815 2862 ut
842 2825 1070 2861 adderentur
1094 2825 1229 2869 verba,
1264 2824 1426 2861 sortasse
1456 2837 1528 2873 qno
1554 2825 1878 2873 magispraesidii
1908 2823 2090 2860 habereut
2118 2828 2242 2860 contra
2278 2837 2338 2861 ca·

229 2891 489 2927 lumniatorum
518 2889 792 2933 accusationes,
817 2900 908 2936 quas
936 2889 1008 2924 iam
1038 2889 1099 2923 illa
1127 2892 1248 2924 aetate
1276 2900 1500 2935 magnopere
1527 2889 1743 2924 metuendas
1770 2889 1890 2924 fuisse
1922 2887 2103 2922 neminem
2132 2886 2239 2934 sugit.
2270 2889 2340 2935 Qui

229 2954 371 2990 suerint
401 2958 442 2989 ut
469 2953 543 2988 hoc
569 2952 771 2987 adderetur
797 2952 1031 3000 postulantes
1068 2955 1106 2986 et
1130 2964 1214 2987 num
1245 2963 1351 2987 suum
1377 2952 1413 2986 in
1442 2951 1674 2987 commodum
1702 2964 1747 2988 an
1774 2956 1815 2987 ut
1842 2951 1923 2986 aliis
1952 2955 2150 2986 noceretur
2176 2953 2337 2998 postula-

232 3017 373 3061 verint,
407 3016 622 3052 coniectura
649 3015 829 3064 persequi
856 3027 927 3051 non
955 3027 1178 3063 possumus,
1210 3014 1334 3050 addita
1364 3026 1448 3050 esse
1478 3014 1538 3050 illa
1564 3015 1677 3050 verba
1714 3026 1784 3051 non
1816 3014 2038 3050 dubitamus.
2102 3012 2233 3051 Totius
2272 3016 2339 3063 igi-
