2625 3423
1151 8 1428 80 ..ςή-

235 159 310 195 us
323 134 691 206 pert-olumnam
708 156 769 189 att
785 162 795 190 :
812 150 904 190 ‘Me-
918 150 1082 189 comate
1098 150 1292 188 nonnullo
1314 151 1443 188 addita
1466 155 1557 189 sunt
1581 151 1696 189 verba
1716 152 1758 190 si
1777 150 1901 201 facta
1921 151 2027 198 sint,
2070 151 2167 200 qnod
2195 150 2342 191 auto·-

235 217 630 258 mne-riam
647 220 860 264 uta-neque
885 214 1159 259 neeessariam3
1185 225 1314 250 mum
1341 215 1445 251 enim.
1464 226 1577 260 vero,
1616 227 1699 252 cum
1725 215 1786 251 illa
1811 217 1848 251 in
1873 216 1958 263 lega
1978 213 2126 263 scripta
2148 216 2260 260 sint,·
2292 223 2341 252 a·
2365 227 2368 231 ·

236 281 356 328 mugl-
392 290 429 316 ι’
450 283 491 317 te
514 279 716 329 postulo,
738 283 910 330 uthuae
939 278 1084 314 dixeris
1119 278 1170 313 de
1201 277 1388 314 Murenae
1417 278 1581 323 ambitu,
1628 278 1857 327 argumentis
1883 279 2091 327 probast
2117 278 2339 335 testimonib

236 340 608 392 quun··firmisaimlnss
646 354 659 368 ³=

1003 407 1564 421 --—-———

982 481 1059 522 ep.
1086 467 1383 508 -ad-divers.
1416 466 1485 517 111,
1516 465 1590 507 11.

425 550 427 552 ’
483 537 575 578 Nec
602 543 683 577 tam
704 538 928 589 glor-imvm
954 538 1101 576 exitum
1126 538 1188 576 tui
1214 537 1359 576 iudicii
1390 537 1618 583 exstitisse,
1666 536 1740 575 sed
1772 542 1851 576 tam
1881 550 2056 588 pravam
2088 539 2338 590 inimicorum

482 606 638 640 tuorum
659 605 819 639 mentem
838 600 972 653 fvii-sse
998 600 1192 639 mirabar.
1245 600 1311 638 De
1338 598 1484 638 ambitu
1516 611 1613 637 vero
1639 599 1739 650 quid
1766 600 1956 648 interest,
1993 602 2170 652 inquies,
2208 615 2260 640 an
2286 601 2339 641 de

478 664 719 702 maiestate?
742 659 812 701 Ἀἄ
834 675 922 702 rem
948 656 1074 701 niliil:
1102 664 1272 701 alterum
1299 664 1399 700 enim
1416 674 1496 700 non
1523 663 1711 713 attiqisti,
1738 663 1912 700 alteram
1936 665 2097 702 auxisti.
2159 663 2339 703 Verum
2361 704 2364 705 γ

486 731 655 765 tamen
686 731 762 764 est
787 727 1060 773 ma'iestas,
1085 726 1161 764 elsi
1172 723 1293 764 Sulla
1310 726 1450 771 voluit,
1464 737 1515 762 ne
1530 725 1573 763 in
1586 726 1760 776 quemvis
1775 726 1933 775 impune
1945 725 2170 765 declamari
2181 727 2339 765 liceret.

313 788 410 838 App.
440 790 617 826 Claudius
651 790 812 825 Pulcher
845 801 892 825 ex
923 790 1011 826 Asia
1048 789 1168 825 redux
1210 800 1231 825 a
1259 788 1448 825 Dolabella
1473 787 1662 825 Ciceronis
1701 800 1833 825 socero
1872 789 2030 837 primum
2067 791 2270 826 maiestatis
2300 794 2340 828 et

241 852 367 901 paullo
404 857 499 901 post*
527 854 686 888 ambitus
721 858 918 888 aecusatus
955 857 1035 896 est,
1056 854 1114 899 Q.
1141 852 1343 888 Hortensio
1378 856 1500 887 autem
1527 857 1567 888 et
1594 851 1646 887 Μ.
1675 852 1789 888 Bruto
1817 852 2104 888 defendentibus
2131 854 2337 890 absolutus.

240 914 332 951 Cum
359 916 564 952 maiestatis
588 921 694 951 esset
717 916 930 959 absolutus,
958 936 1011 942 —
1034 927 1103 951 cur
1129 919 1324 950 accusatus
1350 915 1486 957 fuerit,
1515 927 1536 949 a
1558 915 1804 962 scriptoribus
1833 916 2035 950 memoriae
2063 928 2132 950 non
2162 916 2338 953 traditum

239 983 310 1022 est,
336 978 499 1014 fortasse
524 979 558 1014 in
578 978 791 1026 provincia,
821 989 927 1024 quam
956 982 1042 1025 post
1065 978 1187 1025 ipsum
1212 977 1479 1012 administravit
1504 976 1663 1020 Cicero,
1692 977 1834 1011 iniussu
1863 977 1990 1024 populi
2011 977 2071 1012 vel
2099 978 2192 1013 lines
2217 982 2338 1014 trans-

240 1051 392 1089 gressus
420 1042 479 1076 vel
502 1041 760 1076 auctoritatem
789 1041 1024 1087 magistratus
1053 1052 1124 1076 nou
1151 1052 1302 1075 servans
1328 1040 1560 1075 maiestatem
1587 1039 1715 1087 populi
1739 1039 1895 1075 Romani
1918 1040 2103 1076 minuerat
2126 1061 2181 1067 ——
2206 1040 2340 1078 Cicero

238 1109 282 1140 ut
307 1105 556 1152 gratularetur
581 1104 677 1139 hanc
703 1104 897 1151 epistolam
926 1104 1038 1148 misit,
1069 1115 1114 1139 ex
1142 1115 1212 1150 qua
1239 1103 1359 1139 locum
1385 1115 1501 1150 supra
1526 1103 1689 1151 positum
1721 1103 1918 1151 descripsi⁴
1974 1104 2015 1140 ln
2043 1115 2118 1150 quo
2153 1103 2239 1140 loco
2271 1104 2340 1140 du·-

238 1167 327 1215 plex
351 1172 411 1204 est
438 1167 660 1211 difficultas,
688 1168 802 1203 verba
830 1168 926 1202 enim
954 1166 1006 1204 de
1032 1166 1180 1204 {inibitu
1206 1177 1305 1203 vero
1330 1171 1417 1203 cett.
1447 1156 1697 1213 explicatione
1731 1166 1831 1202 haud
1869 1166 2019 1214 indigna
2051 1171 2161 1211 sunt,
2203 1167 2341 1204 deinde

245 1228 390 1270 Verum
417 1233 545 1269 tamen
572 1226 641 1269 θεῖ’
657 1229 844 1268 maiestas
870 1242 939 1267 non
968 1229 1058 1266 satis
1086 1241 1175 1266 sana
1202 1228 1384 1277 leguntur.
1416 1228 1583 1266 Priorem
1607 1229 1899 1266 >enuntiationem
1928 1230 1980 1267 ita
2005 1229 2169 1280 explicat
2193 1230 2342 1268 Schue-

239 1295 359 1338 tzius,
402 1286 456 1328 ut'
477 1299 562 1328 ante
586 1295 700 1328 verba
725 1293 776 1329 de
798 1293 948 1330 ambitu
977 1297 1064 1328 cett.
1092 1293 1186 1327 haec
1211 1293 1446 1328 intercidisse
1471 1293 1660 1339 opinetur:
1699 1304 1979 1339 quamquam
2007 1294 2161 1329 multo
2184 1295 2339 1341 magis

241 1359 405 1392 e‘forum
434 1357 770 1392 temeritatem
794 1357 961 1400 miror,
1005 1355 1128 1403 quod
1154 1355 1210 1390 de
1235 1356 1439 1400 ambitu,
1479 1368 1610 1402 quam
1635 1356 1758 1402 quod
1798 1355 1855 1391 de
1882 1357 2145 1392 maiestate
2176 1361 2224 1393 te
2260 1370 2336 1394 ac-

241 1425 484 1456 cusarunt.
540 1419 603 1454 Sic
630 1419 756 1454 dicere
783 1419 952 1466 potuisse
974 1418 1136 1453 Tullium
1163 1429 1233 1453 non
1261 1430 1394 1466 nego,·
1422 1418 1489 1454 sed
1526 1418 1659 1453 idonea
1694 1418 1809 1462 ratio,
1852 1431 1918 1454 cur
1953 1419 2046 1455 haec
2081 1420 2224 1456 omissa·
2249 1421 2336 1466 sint,

240 1494 311 1517 non
341 1487 465 1530 potest
492 1482 720 1528 excogitari,
761 1493 880 1527 neque
906 1481 1049 1527 reliqna
1075 1482 1188 1516 verba
1212 1481 1406 1517 Ciceronis
1443 1481 1582 1517 habent
1610 1481 1830 1527 quidquam,
1869 1493 1941 1527 quo
1973 1482 2213 1517 confirmetur
2245 1495 2336 1531 sup-

239 1545 466 1594 plementum
496 1545 731 1580 aSc-imetzio
756 1544 1015 1592 excogitatum.
1071 1543 1351 1592 Simplicissima
1377 1544 1636 1592 interpretatio
1664 1544 1812 1579 videtur
1839 1543 1933 1579 haec
1959 1556 2064 1580 esse:
2094 1544 2224 1582 Cicero
2252 1558 2336 1583 cum

241 1608 290 1643 de
330 1608 533 1643 maiestatis
567 1608 799 1642 absolutione
839 1608 1042 1654 gratulatus
1077 1612 1221 1652 esset,‘
1241 1608 1342 1643 addit
1372 1619 1414 1643 se
1450 1619 1521 1642 non
1549 1608 1848 1642 mirari'Clandii
1873 1608 2159 1652 absolutionem,
2203 1610 2270 1644 sed
2298 1610 2335 1645 in

239 1672 450 1706 universum
477 1671 603 1705 mirari
627 1671 841 1717 pravitatem
868 1676 1136 1713 accusatorum,
1165 1671 1316 1715 quinon
1335 1671 1495 1705 contenti
1505 1670 1701 1705 Claudium
1718 1671 1921 1705 maiestatis
1937 1683 2147 1714 accusasse,
2176 1672 2334 1707 ambitus

241 1720 386 1781 quoque
414 1727 550 1769 crimen
579 1733 652 1781 ipsi
678 1732 888 1769 obtulerint.
941 1732 995 1769 Ad
1010 1733 1104 1769 haec
1119 1732 1321 1781 respondet
1333 1732 1623 1770 Claudius—ut
1650 1733 1782 1769 Cleero
1808 1733 1983 1781 opinatur
2009 1745 2080 1770 —:
2108 1734 2195 1781 quid
2220 1734 2334 1771 inter-

240 1798 290 1833 sit
316 1797 463 1841 nescio,
493 1808 563 1832 non
593 1797 708 1831 maior
732 1801 789 1832 est
807 1796 1100 1832 adversariorum
1127 1798 1304 1845 pravitaS,
1332 1797 1427 1845 quod
1456 1784 1616 1845 duplicis
1645 1797 1809 1832 criminis
1835 1809 1894 1832 me
1917 1803 2148 1842 accusarunt,
2180 1810 2260 1833 nam
2285 1799 2335 1834 si-

240 1861 343 1897 milia
371 1866 457 1896 sunt
492 1861 644 1896 crimina
677 1860 880 1895 maiestatis
919 1863 957 1895 et
992 1860 1164 1897 ambitus.
1228 1861 1344 1906 Quam
1378 1861 1596 1896 sententiam
1631 1860 1771 1908 optime
1799 1860 1989 1908 excipiunt
2011 1870 2107 1907 quae
2132 1867 2337 1908 sequnntur

239 1924 374 1960 verba:
402 1922 471 1961 Ad
496 1934 579 1962 rem
605 1922 706 1961 nihil
733 1927 821 1960 cett.
873 1923 978 1960 Haec
1003 1923 1266 1972 interpretatio
1292 1924 1382 1960 mihi
1409 1924 1524 1971 magis
1550 1924 1694 1972 placet,
1737 1935 1844 1970 quam
1870 1923 1963 1969 alia,
2003 1935 2097 1971 quae
2123 1929 2208 1960 ante
2235 1937 2335 1962 com-

239 1988 360 2037 posui,
388 1992 431 2024 ut
456 1987 693 2033 explicarem,
723 1987 880 2034 Appium
895 1987 1087 2024 Claudium
1102 1987 1335 2034 respondere
1360 1988 1547 2034 potuisse:
1575 1987 1670 2023 haec
1698 1987 1881 2022 absolutio
1906 1999 1977 2022 non
2003 1988 2123 2034 magni
2146 1993 2204 2023 est
2221 1989 2334 2024 aesti-

238 2050 392 2094 manda,
420 2061 504 2085 cum
528 2053 649 2083 restet·
672 2049 720 2084 de
760 2049 898 2084 ambitu
936 2050 1135 2098 iudicinm3
1178 2049 1393 2085 Ciceronem
1424 2055 1546 2085 autem
1575 2054 1616 2085 ut
1652 2050 1907 2085 consolaretur
1933 2050 2094 2096 Appium
2131 2055 2168 2085 et
2200 2051 2333 2086 confir-

239 2117 359 2150 maret
386 2111 494 2149 modo
520 2112 619 2149 dicta
634 2112 848 2149 addidisse:
886 2124 1102 2159 quamquam
1130 2117 1170 2149 tu
1197 2125 1269 2149 non
1297 2125 1464 2160 maguum
1486 2113 1686 2149 discrimen
1708 2114 1842 2149 statuis
1870 2113 2103 2159 ambitusque
2128 2114 2334 2150 accusatio-

239 2189 324 2215 nem
346 2176 463 2223 magis
491 2175 612 2211 adhuc
637 2176 767 2219 times;
811 2175 969 2212 interest
993 2187 1178 2211 summum
1206 2176 1429 2221 discrimen,
1472 2176 1572 2223 quod
1594 2176 1800 2212 maiestatis
1829 2176 1968 2211 crimen
1995 2181 2054 2211 est
2078 2176 2268 2212 difficilius
2297 2182 2336 2213 et

239 2239 399 2288 gravius,
427 2250 535 2285 quam
563 2238 733 2273 ambitus.

318 2302 568 2339 Transeamus
597 2301 779 2337 adverba
805 2304 1071 2338 rervmtamen
1094 2305 1157 2338 est
1184 2302 1384 2347 maiestas,
1414 2302 1493 2340 etsi
1521 2299 1639 2339 Sulla
1665 2301 1804 2347 voluit,
1830 2312 1880 2337 nc
1907 2300 1949 2336 in
1972 2300 2150 2349 ¹quemvis
2175 2301 2336 2351 impune

241 2364 467 2406 declamari
494 2363 651 2410 liceret,
679 2375 774 2411 quae
798 2363 912 2399 babet
940 2363 1020 2399 cod.
1044 2362 1205 2409 Medic„
1250 2376 1359 2411 quem
1385 2365 1562 2412 optimum
1589 2368 1628 2399 et
1664 2363 1810 2398 unicum
1849 2374 1934 2397 esse
1969 2363 2139 2399 omnibus
2166 2365 2338 2412 probavit

240 2429 415 2466 Orellius.
468 2426 710 2474 Reliquorum
738 2427 906 2465 codicum
934 2427 1053 2463 varias
1082 2426 1261 2463 lectiones
1288 2428 1326 2464 h.
1354 2427 1375 2463 Ι.
1403 2439 1475 2463 non
1503 2427 1619 2474 magis
1643 2427 1902 2469 aestimamus,
1926 2426 2016 2471 qnia
2040 2432 2173 2474 aperte
2201 2428 2337 2475 depra-

242 2496 349 2527 vatae
383 2495 479 2534 sunt,
508 2491 563 2525 sic
588 2490 703 2525 Palat.
734 2490 760 2525 l.
788 2490 923 2525 Graev.
950 2490 1066 2526 Amst.
1095 2490 1249 2526 Mentel.
1277 2490 1407 2527 Dresd.
1435 2490 1449 2525 l
1477 2495 1516 2525 et
1543 2490 1571 2525 ll
1595 2488 1733 2524 habent
1757 2493 1795 2525 et
1822 2488 1878 2525 sis
1904 2488 2019 2525 milla
2041 2489 2182 2535 voluit,
2201 2490 2334 2527 Dresd.

241 2553 290 2591 lv
318 2558 361 2596 etv
380 2552 516 2606 V··etsi
540 2552 631 2601 ulla
654 2551 731 2589 rol.
794 2553 875 2589 Sed
905 2557 1025 2589 tamen
1054 2553 1274 2589 Schuetzius
1298 2553 1358 2589 his
1385 2551 1471 2589 duci
1502 2564 1544 2614 ες
1569 2563 1700 2599 passus
1730 2563 1862 2587 nomeu
1888 2551 2014 2587 Sullae
2039 2563 2088 2587 ex
2125 2554 2336 2602 corruptela

242 2623 365 2659 uatum
392 2617 535 2665 putavit
551 2620 600 2652 ·et
617 2615 732 2658 nimis
761 2616 937 2652 audacter
966 2617 1137 2664 scripsit:
1175 2628 1312 2655 verum
1334 2620 1461 2654 tamen
1486 2627 1537 2652 ea
1563 2619 1621 2652 est
1648 2614 1871 2651 maiestatis
1904 2614 1966 2651 vis
1992 2618 2032 2652 et
2061 2615 2123 2652 sic
2140 2616 2335 2663 involuta,

242 2686 284 2719 'nt
314 2681 353 2718 in
382 2667 553 2730 quenti-'is
579 2679 768 2728 impomite
795 2678 1021 2717 declamari
1047 2680 1202 2718 liceret.
1256 2680 1399 2716 Omissa
1426 2679 1565 2715 codicis
1594 2678 1696 2714 Med.
1727 2679 1949 2714 auctoritate
1979 2691 2131 2725 semper
2157 2680 2247 2715 mihi
2270 2681 2336 2716 ob-

183 2742 185 2744 *
244 2755 392 2781 scurum
420 2742 529 2796 suit&
550 2742 733 2789 quomodo
756 2741 927 2778 librarius
956 2744 993 2779 in
1022 2743 1148 2780 Sullae
1175 2755 1330 2789 nomen,
1367 2742 1435 2778 nisi
1462 2746 1546 2778 ante
1574 2741 1611 2778 in
1639 2741 1768 2778 codice
1798 2741 1974 2789 legisset,
2018 2742 2211 2778 incidisset
2237 2747 2275 2779 et
2302 2744 2338 2781 iu

245 2806 438 2855 exemplar
458 2817 567 2841 suum
593 2806 815 2854 recepisset.
871 2806 1074 2853 Aptissima
1098 2811 1221 2843 autem
1248 2810 1307 2843 est
1335 2806 1456 2843 Sullae
1486 2806 1647 2850 mentio,
1688 2806 1775 2853 quia
1801 2817 1849 2840 ex
1881 2806 1965 2856 lege
1990 2804 2159 2840 Cornelia
2186 2805 2234 2841 de
2262 2820 2339 2843 ma-

245 2871 391 2914 iestate,
419 2870 525 2916 qn'a'm
554 2868 709 2905 dederat
730 2869 849 2913 Sulla,
878 2873 1071 2905 accusatus
1100 2873 1158 2906 est
1182 2871 1279 2918 App.
1308 2869 1491 2906 Claudius.
1545 2869 1627 2905 Hoc
1655 2868 1838 2905 intellexit
1863 2868 2083 2912 Lambinus,
2121 2879 2340 2917 quamquam

245 2935 282 2969 in
307 2932 460 2978 reliquis
485 2933 853 2977 a³'x·ero⁷aberravit‚
882 2936 920 2968 ut
949 2933 984 2967 ei
1011 2933 1272 2981 obtemperare
1299 2945 1369 2970 non
1396 2933 1583 2981 possimus
1612 2932 1767 2981 legenti:
1805 2935 2068 2969 verumtamen
2096 2943 2147 2969 ea
2174 2936 2231 2970 est
2259 2945 2339 2971 ma-
