2625 3423
782 584 1214 648 Quaestiones
1275 551 1628 664 Tullianae.

818 812 923 854 Cic.
965 814 1030 854 de
1069 813 1397 870 Iege-agrar.
1436 812 1486 864 11,
1517 812 1587 853 37.

242 883 368 949 ‚Inter
389 898 697 947 corruptissimos
724 898 831 934 locos
856 900 1062 935 orationum
1085 897 1336 935 Tullianam-fii
1364 899 1463 934 haud
1491 899 1570 934 scio
1602 911 1648 934 an
1674 898 1795 934 nullus
1820 897 1892 940 sit,
1917 896 2164 943 qui-maiores
2190 894 2257 931 ha-

151 963 238 1002 beat
272 961 515 999 difficultates
550 965 594 998 et
625 961 755 1010 plures
788 961 1064 1008 dubitationes,
1109 973 1218 1010 quam
1253 962 1434 998 untionis-
1460 961 1508 998 de
1545 961 1629 1009 lege
1657 972 1776 1009 agrar.
1804 959 1848 996 ll.
1873 959 1957 1008 c'ap.
1983 957 2165 995 xxxvn.
2221 956 2257 993 ln

148 1026 362 1070 codicibus,
398 1036 495 1072 quos
519 1025 702 1061 habemus
727 1025 911 1071 collatos,
946 1036 1018 1062 non
1044 1037 1199 1073 magnae
1226 1026 1349 1061 insunt
1374 1025 1546 1061 lectionis
1572 1025 1836 1068 diversitates,
1880 1029 1922 1059 ut
1956 1024 2144 1058 coniicere
2172 1032 2258 1068 pos·

147 1092 288 1134 simus,
321 1100 453 1124 verum
476 1089 591 1123 huius
616 1089 797 1124 orationis
821 1090 1065 1136 archetypum
1092 1090 1163 1125 iam
1191 1089 1518 1136 prisco,tempore
1537 1100 1624 1124 esse
1648 1088 1886 1135 deperditum
1912 1097 2117 1132 omnesque
2141 1085 2257 1120 libros

147 1152 421 1201 manuscriptos
450 1163 497 1188 ex
524 1151 738 1189 recentiore·
764 1164 888 1200 eoque·
912 1152 1100 1201 inquinato
1126 1152 1233 1190 fonte
1258 1152 1439 1201 originem
1462 1152 1627 1190 duxisse.
1693 1150 1918 1200 Corruptela
1955 1150 2095 1198 excipit
2127 1158 2257 1185 corrn-

144 1217 307 1268 ptelam,
343 1214 546 1251 difficultas
574 1214 858 1261 difficultatem,
888 1226 1045 1263 quarum
1069 1216 1103 1253 si
1125 1216 1285 1252 fortasse
1313 1227 1422 1252 unam
1447 1216 1650 1252 alteramve
1683 1216 1743 1251 vel
1782 1214 2002 1263 explicando
2043 1213 2102 1248 vel
2132 1222 2258 1246 emen-

145 1281 268 1319 dando
291 1279 434 1328 possim
459 1290 675 1323 removere,
701 1279 835 1315 faciam
863 1280 1084 1327 periculum.
1137 1279 1272 1318 Orator
1297 1292 1383 1316 cum
1410 1281 1668 1327 exposuisset,
1696 1275 1817 1327 lege'm
1846 1279 2028 1325 agrariam
2056 1289 2076 1312 a
2106 1276 2147 1311 P.
2169 1276 2258 1310 Ser·

146 1345 236 1390 vilio
262 1343 376 1380 Rullo
401 1342 666 1390 promulgatam
693 1342 779 1379 fore
801 1343 1170 1391 perniciosissimam,
1197 1348 1361 1380 extrema
1386 1344 1552 1380 oratione
1578 1343 1703 1388 addit,
1739 1355 1781 1379 se
1810 1341 2007 1379 Consulem
2037 1338 2257 1389 popularem

142 1406 323 1455 improbis
340 1405 487 1441 civibus
510 1404 611 1441 omni
634 1405 675 1441 vi
698 1416 787 1441 esse
809 1405 1029 1442 restiturum
1054 1405 1259 1455 etpopulo
1278 1418 1438 1456 pacem,
1461 1406 1816 1456 tranquillitatem,
1825 1403 1864 1455 *)
1892 1405 2015 1442 otium
2043 1404 2255 1438 allaturum.

144 1470 289 1509 Deinde
313 1469 412 1505 haec
434 1468 547 1504 dicit:

395 1536 501 1575 quae
521 1522 641 1563 nobis
664 1522 888 1575 desiynati's
915 1523 1141 1572 timebatis,
1175 1537 1228 1563 ea
1259 1537 1311 1563 ue
1338 1524 1533 1563 accidere
1565 1529 1757 1576 possent,
1796 1525 1967 1563 consilio
1995 1536 2078 1562 meo
2103 1535 2154 1560 ac
2182 1533 2254 1563 ra·v

387 1587 500 1626 tione
523 1587 697 1637 provisa
722 1591 825 1625 sunt.
879 1586 978 1625 Non
1004 1587 1120 1625 modo
1144 1600 1214 1626 vos
1248 1588 1362 1626 erilis
1390 1588 1431 1625 in
1459 1589 1566 1634 otio,
1606 1589 1675 1638 qui
1715 1600 1872 1637 semper
1908 1600 1992 1625 esse
2026 1585 2254 1630 volueritis,

391 1662 532 1688 ver-um
558 1650 677 1688 etiam
705 1651 831 1696 istos,
865 1650 1006 1701 quibus
1033 1651 1154 1688 otiosi
1178 1651 1375 1701 negotium
1399 1650 1664 1701 lacessimus,
1702 1651 1961 1688 otiosissimos
1986 1649 2166 1688 reddam.

223 1715 289 1754 Sic
315 1713 471 1763 scripsit
496 1713 663 1751 Orellius
687 1713 830 1762 Sigonii
858 1714 1073 1751 coniectura
1095 1713 1332 1765 sucessimus
1357 1719 1513 1763 recepta
1540 1719 1580 1751 et
1606 1727 1690 1751 cum
1727 1714 1904 1751 Turnebo
1937 1714 2115 1762 explicat:
2154 1711 2253 1760 qui-

142 1780 234 1818 bus
262 1779 428 1828 ipsum
452 1781 674 1813 nostrum
701 1778 850 1814 otium
879 1768 1141 1814 molestum
1166 1783 1266 1822 est,
1302 1778 1387 1825 qui
1417 1790 1506 1813 nos
1533 1778 1703 1825 quiete
1729 1778 1829 1813 frui
1865 1789 1952 1814 non
1977 1777 2253 1826 patiuntur,

142 1854 239 1892 quae
265 1840 470 1890 explicatio
492 1840 637 1889 vulgari
661 1839 774 1890 longe
799 1844 857 1879 est
896 1841 1169 1890 praeferenda:
1212 1841 1390 1889 quibus
1430 1853 1518 1878 nos
1558 1842 1695 1891 pacis
1731 1848 1779 1879 et
1814 1842 2006 1890 quietis
2034 1844 2251 1877 amantes

141 1905 345 1945 molesti
385 1916 573 1949 sumus,
619 1905 902 1951 accusando
935 1915 1022 1941 eos
1050 1910 1098 1941 et
1126 1904 1432 1949 coercendo,
1479 1916 1591 1951 quem
1624 1906 1854 1958 intellectum
1889 1906 2002 1941 verba
2037 1916 2107 1939 non
2145 1913 2254 1951 prae-

143 1970 236 2007 bent
260 1979 385 2019 neque
410 1967 444 2004 si
473 1968 696 2015 praeberent
721 1967 816 2003 ferri
848 1972 993 2016 posset.
1044 1968 1185 2003 Omnes
1211 1967 1359 2003 codices
1389 1968 1527 2003 habent
1550 1967 1786 2018 fecissemus
1821 1980 1889 2016 pro
1915 1967 2175 2019 sucessimus,
2215 1966 2253 2000 in

139 2045 186 2070 eo
212 2033 370 2074 variant,
394 2031 495 2078 quod
522 2031 584 2066 alii
611 2031 737 2078 legunt
764 2030 910 2080 quibus
933 2030 1057 2069 otiosi
1077 2031 1199 2068 otium
1222 2030 1331 2081 secu,
1357 2031 1420 2066 alii
1447 2030 1589 2081 quibus
1614 2032 1733 2068 otiosi
1759 2032 1956 2081 negotium
1980 2030 2062 2081 sec.
2088 2051 2140 2056 —-
2184 2028 2247 2065 Vi—

138 2108 264 2134 rorum
292 2082 508 2139 doctorum,
550 2094 614 2141 qui
640 2094 736 2131 hanc
768 2095 965 2131 lectionem
995 2094 1248 2142 reliquendam
1277 2094 1457 2131 ducentes
1496 2094 1561 2131 alii
1586 2094 1695 2131 aliter
1721 2095 1982 2138 coniecerunt,
2024 2092 2249 2142 perversita-

138 2162 197 2197 tes
224 2157 403 2207 persequi
433 2168 506 2193 non
532 2167 629 2205 opus
654 2161 734 2202 est,
769 2168 853 2193 cum
888 2169 1009 2204 neque
1035 2158 1201 2193 Ernestii
1237 2158 1467 2202 emendatio,
1514 2169 1591 2207 quo
1626 2158 1765 2194 otiosis
1798 2158 1993 2207 negotium
2024 2157 2249 2208 sares-snm,

143 2233 265 2268 neque
287 2221 501 2257 Schuetziiz
528 2220 598 2268 qui
611 2219 723 2256 vobis
738 2221 878 2257 otiosis
904 2220 1103 2269 neqotinm
1126 2220 1386 2269 lacesseriut,
1414 2232 1537 2266 neque
1550 2220 1689 2263 Wolfii,
1715 2220 1851 2259 odium
1880 2233 1948 2267 pro
1975 2221 2093 2256 otium
2123 2219 2249 2265 legen-

142 2284 205 2330 tis,
234 2284 397 2321 habeant
422 2294 497 2330 quo
520 2282 839 2320 commendentur.
900 2282 1073 2328 Primus,
1114 2283 1179 2331 qui
1215 2283 1427 2320 coniectura
1451 2284 1593 2331 Sigonii
1629 2283 1760 2320 relicta
1797 2283 1965 2319 codicum
1993 2282 2150 2329 vestigia
2186 2281 2250 2317 diu

260 2397 291 2439 ’)
328 2397 364 2429 ln
389 2396 436 2428 bis
459 2397 586 2428 verbis:
629 2395 683 2428 Ex
708 2406 792 2436 quo·
814 2396 1012 2437 intelligi
1050 2397 1257 2430 Quirites
1288 2402 1459 2437 potest,
1498 2396 1604 2428 nihil
1636 2407 1733 2427 esse
1766 2402 1844 2428 tam
1867 2397 2097 2437 populare,
2132 2406 2249 2435 quarn

320 2449 383 2487 id,
406 2450 515 2488 quod
539 2460 617 2489 ego
640 2450 763 2480 vobis
788 2450 826 2479 in
851 2450 959 2480 bunc
981 2459 1124 2480 annum
1152 2451 1299 2481 consul
1334 2451 1564 2490 popularis
1594 2450 1759 2486 assero,
1790 2460 1951 2489 pacem,
1988 2451 2246 2487 tranquilli—

320 2497 471 2540 tatem,
505 2503 635 2534 otium
658 2507 737 2542 puto
763 2512 820 2543 pro
845 2507 967 2542 tranq
980 2502 1217 2534 uillitatem
1240 2508 1395 2534 oratorem
1420 2503 1539 2534 dixisse
1562 2503 1833 2540 libertatem,
1865 2503 1937 2542 quia
1959 2503 2024 2534 veri
2049 2504 2148 2534 simile
2179 2509 2226 2533 est
2241 2526 2250 2535 ,

321 2562 483 2588 oratorem
502 2557 612 2587 eadem
634 2566 715 2596 qaae
738 2556 767 2588 in
792 2556 957 2597 prooemio
979 2557 1129 2588 orationis
1154 2562 1222 2588 erat
1245 2557 1403 2598 pollicitus
1414 2580 1423 2594 ,
1457 2558 1552 2588 etiam
1572 2558 1632 2587 fine
1657 2558 1853 2596 promittere.
1892 2557 1985 2587 Initio
2008 2567 2077 2588 cum
2103 2558 2165 2588 tria
2188 2569 2248 2599 po-

319 2612 457 2646 suisset,
495 2619 575 2648 quae
598 2610 627 2639 in
651 2612 854 2649 patrocinium
878 2610 1059 2642 consulatus
1082 2611 1142 2641 sint
1165 2612 1279 2641 collat'a
1301 2611 1358 2649 (cf.
1383 2622 1407 2642 c.
1432 2611 1491 2650 lv)
1503 2623 1512 2641 ε
1544 2620 1564 2649 p
1577 2622 1592 2641 a
1602 2623 1619 2642 c
1630 2621 1647 2641 e
1658 2621 1685 2641 m
1711 2621 1728 2641 e
1739 2621 1758 2641 x
1771 2616 1811 2642 te
1825 2621 1840 2641 r
1850 2621 1868 2641 n
1879 2622 1897 2641 a
1909 2621 1938 2641 m
1951 2634 1960 2648 ,
1991 2612 2020 2642 li
2034 2613 2052 2642 b
2063 2623 2082 2642 e
2094 2622 2109 2642 r
2121 2618 2132 2643 t
2144 2623 2160 2643 a
2172 2618 2183 2643 t
2194 2623 2210 2642 e
2220 2622 2249 2642 m

317 2664 537 2704 propriam
561 2664 742 2702 generis
766 2674 815 2695 ae
845 2664 1024 2696 nominis
1054 2664 1213 2701 vestri,
1246 2665 1377 2695 otium
1406 2664 1497 2694 dom
1514 2664 1662 2695 esticu
1677 2673 1726 2700 m,
1766 2669 1856 2704 patet
1888 2665 1981 2695 etiam
2015 2666 2045 2694 in
2077 2666 2138 2695 fine
2171 2665 2248 2696 hanc

298 2720 300 2722 '
318 2717 505 2748 seutentiam
527 2716 759 2756 pronuntiasse.
803 2718 882 2749 Lib
895 2728 912 2749 e
924 2728 938 2749 r
951 2723 964 2750 t
977 2729 994 2749 a
1004 2722 1016 2749 t
1026 2718 1034 2748 i
1046 2728 1061 2748 s
1083 2718 1276 2756 potissimum
1299 2722 1435 2756 utroque
1456 2718 1526 2748 loco
1550 2718 1740 2749 mentionem
1765 2718 1870 2758 [acere
1894 2719 2031 2750 debebat
2042 2742 2050 2755 ‚
2073 2720 2143 2757 quia
2166 2729 2248 2757 quo-

274 2783 283 2795 »
312 2770 419 2801 'liiiuus
441 2771 515 2801 boni
538 2770 622 2801 cives
646 2770 712 2801 otio
735 2770 935 2809 fruerentur,
969 2771 1193 2811 impediverunt
1225 2771 1294 2802 mali
1317 2773 1403 2802 cives
1414 2794 1423 2807 ‚
1466 2771 1519 2810 qui
1550 2771 1651 2802 bonos
1685 2773 1769 2802 cives
1793 2777 1944 2803 vexarent
1966 2777 1998 2803 vt
2019 2778 2246 2812 oppugnarent.

318 2822 363 2855 Ut
380 2824 421 2855 ab
446 2822 493 2854 his
517 2824 607 2855 liberi
629 2824 704 2855 fiant
725 2823 797 2855 boni
812 2847 822 2862 ,
856 2836 890 2857 se
909 2825 1063 2857 facturum
1096 2835 1166 2856 esse
1201 2825 1351 2865 promittit
1374 2825 1500 2857 Cicero.
1560 2824 1703 2864 Denique
1735 2826 1765 2856 in
1795 2831 1943 2866 promptu
1973 2831 2021 2857 ost
2034 2849 2042 2863 ,
2085 2827 2247 2865 quomodo

318 2887 358 2908 ex
389 2887 467 2909 voce
501 2881 508 2908 Ι
521 2879 559 2908 ib
572 2888 620 2921 ey
630 2883 642 2909 t
653 2889 671 2909 a
681 2882 720 2909 te
730 2888 759 2908 m
793 2878 877 2910 sacta
908 2880 950 2911 sit
980 2884 1046 2910 tra
1060 2889 1078 2910 n
1091 2890 1109 2918 q
1121 2890 1139 2910 u
1152 2880 1179 2910 il
1194 2880 1242 2910 lit
1254 2891 1270 2910 a
1282 2884 1293 2910 t
1305 2889 1322 2909 e
1334 2889 1380 2910 m:
1426 2879 1572 2910 librarius
1604 2880 1685 2910 enim
1706 2880 1868 2910 immemor
1889 2880 2020 2911 exordio
2043 2880 2153 2911 eadem
2175 2881 2249 2916 dici,

316 2931 421 2961 verbis
439 2940 461 2970 p
471 2942 488 2962 a
498 2925 540 2962 ce
551 2940 579 2961 m
603 2936 636 2962 et
658 2942 677 2962 o
687 2932 718 2962 ti
729 2942 748 2962 u
757 2941 785 2961 m
819 2934 1005 2965 vocabulum
1036 2938 1049 2965 t
1059 2943 1076 2964 r
1085 2943 1104 2964 a
1113 2943 1132 2964 u
1142 2943 1161 2972 q
1172 2934 1211 2964 ui
1223 2933 1231 2963 l
1243 2933 1371 2964 litate
1382 2942 1412 2964 m
1446 2933 1550 2972 aptius
1582 2942 1655 2965 esse
1689 2933 1877 2973 opinabatur
1887 2956 1897 2971 ‚
1929 2942 2022 2972 quam
2057 2934 2143 2973 quod
2176 2940 2248 2967 anu

321 2985 472 3023 seriptum
496 2991 563 3017 erat
587 2986 648 3017 lib
661 2996 678 3018 e
691 2990 756 3018 rta
768 2990 806 3018 te
819 2995 858 3018 m.

1726 3041 1748 3078 1
